<?xml version="1.0" encoding="UTF-8"?><record xmlns="http://www.loc.gov/MARC21/slim" xmlns:cinclude="http://apache.org/cocoon/include/1.0" xmlns:zs="http://www.loc.gov/zing/srw/">
  <leader>00880cz  a2200169n  4500</leader>
  <controlfield tag="001">no2003035402</controlfield>
  <controlfield tag="003">DLC</controlfield>
  <controlfield tag="005">20030715053126.0</controlfield>
  <controlfield tag="008">030409n| acannaabn          |a ana      </controlfield>
  <datafield tag="010" ind1=" " ind2=" ">
    <subfield code="a">no2003035402</subfield>
  </datafield>
  <datafield tag="035" ind1=" " ind2=" ">
    <subfield code="a">(OCoLC)oca06020256</subfield>
  </datafield>
  <datafield tag="040" ind1=" " ind2=" ">
    <subfield code="a">DLC-ON</subfield>
    <subfield code="b">eng</subfield>
    <subfield code="c">DLC-ON</subfield>
  </datafield>
  <datafield tag="110" ind1="2" ind2=" ">
    <subfield code="a">Research and Development Foundation for Integral Humanism (New Delhi, India)</subfield>
  </datafield>
  <datafield tag="410" ind1="2" ind2=" ">
    <subfield code="a">R &amp; D Foundation for Integral Humanism (New Delhi, India)</subfield>
  </datafield>
  <datafield tag="410" ind1="2" ind2=" ">
    <subfield code="a">Ekātma Mānavadarśana Anusandhāna evaṃ Vikāsa Pratishṭhāna (New Delhi, India)</subfield>
  </datafield>
  <datafield tag="670" ind1=" " ind2=" ">
    <subfield code="a">Indo US relations, convergence of interests, 2002:</subfield>
    <subfield code="b">t.p. (Research and Development Foundation for Integral Humanism; R &amp; D Foundation for Integral Humanism; loc. in New Delhi)</subfield>
  </datafield>
  <datafield tag="670" ind1=" " ind2=" ">
    <subfield code="a">Jana sahabhāgitā kā upakrama Pañcāyatī Rāja, 2002:</subfield>
    <subfield code="b">t.p. (Ekātma Mānavadarśana Anusandhāna evaṃ Vikāsa Pratishṭhāna)</subfield>
  </datafield>
</record>